@PHDTHESIS{1929PhDT.........9L,
       author = {{Lyot}, Bernard},
        title = "{Recherches sur la polarisation de la lumi{\`e}re des plan{\`e}tes et de quelques substances terrestresRecherches sur la polarisation de la lumi{\`e}re des plan{\`e}tes et de quelques substances terrestresResearch on polarization of light from planets and some terrestrial substances;}",
       school = {University of Paris (to 1969), France},
         year = 1929,
        month = jan,
       adsurl = {https://ui.adsabs.harvard.edu/abs/1929PhDT.........9L},
      adsnote = {Provided by the SAO/NASA Astrophysics Data System}
}


@ARTICLE{1970GeCAS...1.2127G,
       author = {{Geake}, J.~E. and {Dollfus}, A. and {Garlick}, G.~F.~J. and {Lamb}, W. and {Walker}, G. and {Steigmann}, G.~A. and {Titulaer}, C.},
        title = "{Luminescence, electron paramagnetic resonance and optical properties of lunar material from Apollo 11}",
      journal = {Geochim. Cosmochim. Acta Suppl.},
         year = 1970,
        month = jan,
       volume = {1},
        pages = {2127},
       adsurl = {https://ui.adsabs.harvard.edu/abs/1970GeCAS...1.2127G},
      adsnote = {Provided by the SAO/NASA Astrophysics Data System}
}

@ARTICLE{1986MNRAS.218...75G,
       author = {{Geake}, J.~E. and {Dollfus}, A.},
        title = "{Planetary surface texture and albedo from parameter plots of optical polarization data}",
      journal = {Mon. Not. R. Astron. Soc.},
     keywords = {Albedo, Optical Polarization, Planetary Structure, Planetary Surfaces, Earth Surface, Grain Size, Lunar Surface, Petrology, Polarimeters, Reflectance, Textures, Three Dimensional Models, PLANETS, SURFACE, TEXTURE, ALBEDO, PARAMETERS, OPTICAL PROPERTIES, POLARIZATION, REFLECTANCE, EARTH-BASED OBSERVATIONS, TELESCOPE METHODS, POLARIMETRY, LABORATORY STUDIES, SAMPLES, METEORITE, LUNAR, ATMOSPHERELESS BODIES, COMPARISONS, GRAINS, SIZE, TECHNIQUES, Lunar and Planetary Exploration; Planets},
         year = 1986,
        month = jan,
       volume = {218},
        pages = {75-91},
          doi = {10.1093/mnras/218.1.75},
       adsurl = {https://ui.adsabs.harvard.edu/abs/1986MNRAS.218...75G},
      adsnote = {Provided by the SAO/NASA Astrophysics Data System}
}

@INPROCEEDINGS{1986SPIE..627..733T,
       author = {{Tody}, Doug},
        title = "{The IRAF Data Reduction and Analysis System}",
    booktitle = {Instrumentation in astronomy VI},
         year = 1986,
       editor = {{Crawford}, David L.},
       series = {Society of Photo-Optical Instrumentation Engineers (SPIE) Conference Series},
       volume = {627},
        month = jan,
        pages = {733},
          doi = {10.1117/12.968154},
       adsurl = {https://ui.adsabs.harvard.edu/abs/1986SPIE..627..733T},
      adsnote = {Provided by the SAO/NASA Astrophysics Data System}
}

@ARTICLE{2018AJ....156..123A,
       author = {{Astropy Collaboration} and {Price-Whelan}, A.~M. and {Sip{\H{o}}cz}, B.~M. and {G{\"u}nther}, H.~M. and {Lim}, P.~L. and {Crawford}, S.~M. and {Conseil}, S. and {Shupe}, D.~L. and {Craig}, M.~W. and {Dencheva}, N. and {Ginsburg}, A. and {VanderPlas}, J.~T. and {Bradley}, L.~D. and {P{\'e}rez-Su{\'a}rez}, D. and {de Val-Borro}, M. and {Aldcroft}, T.~L. and {Cruz}, K.~L. and {Robitaille}, T.~P. and {Tollerud}, E.~J. and {Ardelean}, C. and {Babej}, T. and {Bach}, Y.~P. and {Bachetti}, M. and {Bakanov}, A.~V. and {Bamford}, S.~P. and {Barentsen}, G. and {Barmby}, P. and {Baumbach}, A. and {Berry}, K.~L. and {Biscani}, F. and {Boquien}, M. and {Bostroem}, K.~A. and {Bouma}, L.~G. and {Brammer}, G.~B. and {Bray}, E.~M. and {Breytenbach}, H. and {Buddelmeijer}, H. and {Burke}, D.~J. and {Calderone}, G. and {Cano Rodr{\'\i}guez}, J.~L. and {Cara}, M. and {Cardoso}, J.~V.~M. and {Cheedella}, S. and {Copin}, Y. and {Corrales}, L. and {Crichton}, D. and {D'Avella}, D. and {Deil}, C. and {Depagne}, {\'E}. and {Dietrich}, J.~P. and {Donath}, A. and {Droettboom}, M. and {Earl}, N. and {Erben}, T. and {Fabbro}, S. and {Ferreira}, L.~A. and {Finethy}, T. and {Fox}, R.~T. and {Garrison}, L.~H. and {Gibbons}, S.~L.~J. and {Goldstein}, D.~A. and {Gommers}, R. and {Greco}, J.~P. and {Greenfield}, P. and {Groener}, A.~M. and {Grollier}, F. and {Hagen}, A. and {Hirst}, P. and {Homeier}, D. and {Horton}, A.~J. and {Hosseinzadeh}, G. and {Hu}, L. and {Hunkeler}, J.~S. and {Ivezi{\'c}}, {\v{Z}}. and {Jain}, A. and {Jenness}, T. and {Kanarek}, G. and {Kendrew}, S. and {Kern}, N.~S. and {Kerzendorf}, W.~E. and {Khvalko}, A. and {King}, J. and {Kirkby}, D. and {Kulkarni}, A.~M. and {Kumar}, A. and {Lee}, A. and {Lenz}, D. and {Littlefair}, S.~P. and {Ma}, Z. and {Macleod}, D.~M. and {Mastropietro}, M. and {McCully}, C. and {Montagnac}, S. and {Morris}, B.~M. and {Mueller}, M. and {Mumford}, S.~J. and {Muna}, D. and {Murphy}, N.~A. and {Nelson}, S. and {Nguyen}, G.~H. and {Ninan}, J.~P. and {N{\"o}the}, M. and {Ogaz}, S. and {Oh}, S. and {Parejko}, J.~K. and {Parley}, N. and {Pascual}, S. and {Patil}, R. and {Patil}, A.~A. and {Plunkett}, A.~L. and {Prochaska}, J.~X. and {Rastogi}, T. and {Reddy Janga}, V. and {Sabater}, J. and {Sakurikar}, P. and {Seifert}, M. and {Sherbert}, L.~E. and {Sherwood-Taylor}, H. and {Shih}, A.~Y. and {Sick}, J. and {Silbiger}, M.~T. and {Singanamalla}, S. and {Singer}, L.~P. and {Sladen}, P.~H. and {Sooley}, K.~A. and {Sornarajah}, S. and {Streicher}, O. and {Teuben}, P. and {Thomas}, S.~W. and {Tremblay}, G.~R. and {Turner}, J.~E.~H. and {Terr{\'o}n}, V. and {van Kerkwijk}, M.~H. and {de la Vega}, A. and {Watkins}, L.~L. and {Weaver}, B.~A. and {Whitmore}, J.~B. and {Woillez}, J. and {Zabalza}, V. and {Astropy Contributors}},
        title = "{The Astropy Project: Building an Open-science Project and Status of the v2.0 Core Package}",
      journal = {Astron. J.},
     keywords = {methods: data analysis, methods: miscellaneous, methods: statistical, reference systems, Astrophysics - Instrumentation and Methods for Astrophysics},
         year = 2018,
        month = sep,
       volume = {156},
       number = {3},
          eid = {123},
        pages = {123},
          doi = {10.3847/1538-3881/aabc4f},
archivePrefix = {arXiv},
       eprint = {1801.02634},
 primaryClass = {astro-ph.IM},
       adsurl = {https://ui.adsabs.harvard.edu/abs/2018AJ....156..123A},
      adsnote = {Provided by the SAO/NASA Astrophysics Data System}
}

@ARTICLE{2022_SAG_NICpolpy,
       author = {{Bach}, Yoonsoo P. and {Ishiguro}, Masateru and {Takahashi}, Jun and {Geem}, Jooyeon},
        title = "{Data Reduction Process and Pipeline for the NIC Polarimetry Mode in Python, NICpolpy}",
      journal = {Stars and Galaxies},
     keywords = {methods: data analysis, methods: observational, techniques: image processing, techniques: polarimetric},
         year = 2022,
        month = dec,
       volume = {5},
          eid = {4},
        pages = {1},
archivePrefix = {arXiv},
       eprint = {2212.14167},
 primaryClass = {astro-ph.IM},
       adsurl = {https://ui.adsabs.harvard.edu/abs/2022arXiv221214167B},
}
